@String{pami = {{IEEE} {T}ransactions on Pattern Analysis and Machine Intelligence}}
@String{itip = {{IEEE} {T}ransactions on Image Processing}}
@String{ijcv = {International Journal of Computer Vision}}
@String{prl = {Pattern Recognition Letters}}
@String{lti = {{L}ehrstuhl für {T}echnische {I}nformatik, RWTH-Aachen University}}

@Booklet{Alvarado2005,
  title =        {Modelos de Sistemas.  {N}otas de Clase},
  author =       {P. Alvarado},
  url =          {http://www.ie.itcr.ac.cr/palvarado/Modelos/modelos.pdf},
  school =       {Escuela de Ingeniería Electrónica, ITCR},
  year =         {2005},
}

@Book{Burrus1998,
  author =	 {C. S. Burrus and J. H. McClellan and A. V. Oppenheim and T. W. Parks and R. W. Schafer and H. W. Schuessler},
  title = 	 {Ejercicios de Tratamiento de la Señal.  Un enfoque práctico},
  publisher = 	 {Prentice Hall},
  year = 	 1998
}

@Book{Davis1963,
  author =       {H. F. Davis},
  title =        {Fourier series and orthogonal functions},
  publisher =    {Dover Publications, Inc.},
  year =         {1963}
}

@Book{Haykin2001,
  author =       {S. Haykin and B. van Veen},
  title =        {Señales y sistemas},
  publisher =    {Limusa Wiley},
  year =         {2001},
}

@Book{James2002,
  author =	 {G.~James},
  title = 	 {Matemáticas Avanzadas para Ingeniería},
  publisher = 	 {Prentice Hall},
  year = 	 2002,
  edition =	 {2da}
}

@Book{Kreyszig2000a,
  author =	 {E.~Kreyszig},
  title = 	 {Matemáticas Avanzadas para Ingeniería},
  publisher = 	 {Limusa Wiley},
  year = 	 2000,
  volume =	 {I},
  edition =	 {3ra}
}

@Book{Kreyszig2000b,
  author =	 {E.~Kreyszig},
  title = 	 {Matemáticas Avanzadas para Ingeniería},
  publisher = 	 {Limusa Wiley},
  year = 	 2000,
  volume =	 {II},
  edition =	 {3ra}
}

@Book{Lindner2002,
  author =       {D.~Lindner},
  title =        {Introducción a las señales y los sistemas},
  publisher =    {McGraw Hill},
  year =         2002
}

@Webpage{MatLab,
   url =       {http://www.matlab.com},
   author    = {MathWorks},
   title     = {MatLab},
   year      = {1994},
   lastchecked = {\today}
}

@Webpage{Octave,
   url =       {http://www.octave.org},
   author    = {John W. Eaton},
   title     = {Octave},
   school    = {University of Wisconsin},
   year      = {1998},
   lastchecked = {\today}
}

@Webpage{OctaveRep,
   url =       {http://octave.sourceforge.net/afunclist.html},
   author    = {John W. Eaton},
   title     = {Octave Repository},
   school    = {University of Wisconsin},
   year      = {1998},
   lastchecked = {\today}
}

@Book{Oppenheim1998,
  author = 	 {A. Oppenheim and A. Willsky and S. H. Nawab},
  title = 	 {Señales y Sistemas},
  publisher = 	 {Prentice Hall},
  year = 	 1998,
  edition =	 {2da}
}

@Book{ProakisManolakis1998,
  author =	 {J. G. Proakis and D. G. Manolakis},
  title = 	 {Tratamiento Digital de Señales},
  publisher = 	 {Prentice Hall},
  year = 	 {1998},
}

@Book{Roberts2005,
  author =       {M. J. Roberts},
  title =        {Señales y Sistemas.  Análisis mediante métodos de 
                  transformada y {MatLab}},
  publisher =    {McGraw Hill},
  year =         {2005}
}

@Book{Shilov1973,
  author =       {G. E. Shilov},
  title =        {Elementary Real and Complex Analysis},
  publisher =    {Dover Publications, Inc.},
  year =         {1973}
}

@Book{Soria2003,
  author =	 {E. Soria{ }Olivas and M. Martínez{ }Sober and 
                  J. V. Francés{ }Villora and G. Camps{ }Valls},
  title = 	 {Tratamiento Digital de Señales.  Problemas y ejercicios resueltos},
  publisher = 	 {Prentice Hall},
  year = 	 {2003},
  address =	 {Madrid}
}

@Book{Stremler1993,
  author =       {F. G. Stremler},
  title =        {Introducción a los sistemas de comunicación},
  publisher =    {Addison Wesley Longman},
  year =         {1993}
}




%%%%%%%%%%%%%%%%%%%%%%%%%%%%%%%%%%%%%%%%%%%%%
%INICIO


%%PREPROCESSING AND IMAGE ENHANCEMENT FOR PATTERN RECOGNITION TASKS
@INPROCEEDINGS{BF2014, 
author={S. Calderón Ramírez and F. Siles Canales}, 
booktitle={3rd IEEE International Work-Conference on Bioinspired Intelligence}, 
title={Deceived bilateral filter for improving the classification of football players from TV broadcast}, 
year={2014}, 
volume={}, 
number={}, 
pages={98-105}, 
keywords={filtering theory;image classification;image colour analysis;image denoising;image restoration;sport;unsupervised learning;DBF;TV broadcast;colour descriptors;colour emphasis;deceived bilateral filter;football player classification;histogram denoising evaluation;homogeneous regions;image abstraction technique;noise removal;shape descriptors;unsupervised histogram based classification;Filtering algorithms;Histograms;Image color analysis;Image edge detection;Noise;Noise reduction;Target tracking;deceived bilateral filter;image analysis}, 
doi={10.1109/IWOBI.2014.6913946}, 
ISSN={}, 
month={July}}

@INPROCEEDINGS{IMPROVESEGMENTATIONBF, 
author={R. Chacón-Quesada and S. Calderón-Ramírez and F. Siles}, 
booktitle={2016 IEEE 36th Central American and Panama Convention (CONCAPAN XXXVI)}, 
title={Improving the temporal segmentation in digital videos using the Deceived Bilateral Filter}, 
year={2016}, 
volume={}, 
number={}, 
pages={1-6}, 
keywords={image classification;image filtering;image segmentation;sport;video signal processing;ACE;automated sport analysis system;classification rates;deceived bilateral filter;digital video;image contrast;television video broadcasts;temporal segmentation;video signal preprocessing stage;Cameras;Feature extraction;Histograms;Image color analysis;Video sequences;Videos;Visualization;Data Processing;Deceived Bilateral Filter;Football Analysis;Pattern Recognition;Soccer;Temporal Segmentation}, 
doi={10.1109/CONCAPAN.2016.7942343}, 
ISSN={}, 
month={Nov}}

@INPROCEEDINGS{CONCAPAN2016, 
author={S. Calderón and D. Moya and J. C. Cruz and J. M. Valverde}, 
booktitle={2016 IEEE 36th Central American and Panama Convention (CONCAPAN XXXVI)}, 
title={A first glance on the enhancement of digital cell activity videos from glioblastoma cells with nuclear staining}, 
year={2016}, 
volume={}, 
number={}, 
pages={1-6}, 
keywords={biological tissues;cellular biophysics;image denoising;image enhancement;image segmentation;medical image processing;object tracking;patient treatment;video signal processing;DeWAFF;cell segmentation;cell tracking;chemo-therapeutic agents;contrast enhancement;deceived weighting average framework;digital cell activity videos;glioblastoma cells;image enhancement techniques;image preprocessing;noise removal;nuclear staining;video enhancement;Digital images;Histograms;Image edge detection;Image segmentation;Indexes;Kernel;Microscopy;Biomedical Imaging;Contrast enhancement;Digital Image processing;Fluorescence based microscopy;Noise removal;Non lineal image filters}, 
doi={10.1109/CONCAPAN.2016.7942344}, 
ISSN={}, 
month={Nov}}



%%CELL TRACKING THOUSANDS IMAGES NEEDED
@article{Yang2006NucleiSU,
  title={Nuclei Segmentation Using Marker-Controlled Watershed, Tracking Using Mean-Shift, and Kalman Filter in Time-Lapse Microscopy},
  author={Xiaodong Yang and Houqiang Li and Xiaobo Zhou},
  journal={IEEE Transactions on Circuits and Systems I: Regular Papers},
  year={2006},
  volume={53},
  pages={2405-2414}
}

@ARTICLE{cellsegmentationMarkov, 
author={X. Zhou and F. Li and J. Yan and S. T. C. Wong}, 
journal={IEEE Transactions on Information Technology in Biomedicine}, 
title={A Novel Cell Segmentation Method and Cell Phase Identification Using Markov Model}, 
year={2009}, 
volume={13}, 
number={2}, 
pages={152-157}, 
keywords={Markov processes;biomedical optical imaging;cellular biophysics;image motion analysis;image segmentation;mathematical morphology;medical image processing;optical microscopy;tracking;Markov model;adaptive thresholding algorithm;automated quantitative analysis system;cell cycle behavior;cell nuclei segmentation method;cell phase identification;drug discovery;dynamic cellular image analysis;fragment merging method;image tracking;life science;morphological variance;optical microscopy;time-lapse microscopy images;watershed algorithm;Cell phase identification;continuous Markov model;nuclei segmentation;time-lapse fluorescence microscopy;tracking;Algorithms;Cell Cycle;Cell Nucleus;Hela Cells;Humans;Image Processing, Computer-Assisted;Markov Chains;Microscopy, Fluorescence;Normal Distribution;Pattern Recognition, Automated}, 
doi={10.1109/TITB.2008.2007098}, 
ISSN={1089-7771}, 
month={March}}

@Article{Tay2010,
  Title                    = {{Single-cell NF-KB dynamics reveal digital activation and analogue information processing}},
  Author                   = {S Tay and J Hughey and T Lee and T Lipniacki and S Quake and M Covert},
  Journal                  = {Nature},
  Year                     = {2010},

  Month                    = jun,
  Number                   = {7303},
  Pages                    = {267--271},
  Volume                   = {466},

  __markedentry            = {[J:6]},
  Citeulike-article-id     = {7363703},
  Citeulike-linkout-0      = {http://dx.doi.org/10.1038/nature09145},
  Citeulike-linkout-1      = {http://dx.doi.org/10.1038/nature09145},
  Citeulike-linkout-2      = {http://view.ncbi.nlm.nih.gov/pubmed/20581820},
  Citeulike-linkout-3      = {http://www.hubmed.org/display.cgi?uids=20581820},
  Day                      = {27},
  Doi                      = {10.1038/nature09145},
  ISSN                     = {1476-4687},
  Keywords                 = {single\_cell\_pcr},
  Owner                    = {J},
  Pmid                     = {20581820},
  Posted-at                = {2013-01-04 22:14:02},
  Priority                 = {2},
  Publisher                = {Nature Publishing Group, a division of Macmillan Publishers Limited. All Rights Reserved.},
  Timestamp                = {2013.12.16},
  Url                      = {http://dx.doi.org/10.1038/nature09145}
}

@InProceedings{Fils_BfilCells_2008,
  Title                    = {Computer vision tracking of stemness},
  Author                   = {Li, Kang and Miller, Eric D and Chen, Mei and Kanade, Takeo and Weiss, Lee E and Campbell, Phil G},
  Booktitle                = {Biomedical Imaging: From Nano to Macro, 2008. ISBI 2008. 5th IEEE International Symposium on},
  Year                     = {2008},
  Organization             = {IEEE},
  Pages                    = {847--850},

  Owner                    = {Saul},
  Timestamp                = {2013.12.25}
}
%%%%%%%%%%%%%%%%%%%%%%%%%%%%%%%%%%%%%%%%%


%UNSHARP MASKING APPROACH
@Article{sotak1989laplacian,
  Title                    = {The Laplacian-of-Gaussian kernel: a formal analysis and design procedure for fast, accurate convolution and full-frame output},
  Author                   = {Sotak, GE and Boyer, Kim L},
  Journal                  = {Computer Vision, Graphics, and Image Processing},
  Year                     = {1989},
  Number                   = {2},
  Pages                    = {147--189},
  Volume                   = {48},

  Publisher                = {Elsevier}
}


%DNLM
@inproceedings{calderon2015dewaff,
  title={DeWAFF: A novel image abstraction approach to improve the performance of a cell tracking system},
  author={Calder{\'o}n, S and S{\'a}enz, A and Mora, R and Siles, F and Orozco, I and Buemi, ME},
  booktitle={Bioinspired Intelligence (IWOBI), 2015 4th International Work Conference on},
  pages={81--88},
  year={2015},
  organization={IEEE}
}
@InProceedings{saenz2015deceived,
  Title                    = {Deceived Bilateral Filter for Improving the Automatic Cell Segmentation and Tracking in the NF-kB Pathway without Nuclear Staining},
  Author                   = {S{\'a}enz, Ar{\'a}nzazu and Calder{\'o}n, Sa{\'u}l and Castro, Jorge and Mora, Rodrigo and Siles, Francisco},
  Booktitle                = {VI Latin American Congress on Biomedical Engineering CLAIB 2014, Paran{\'a}, Argentina 29, 30 \& 31 October 2014},
  Year                     = {2015},
  Organization             = {Springer},
  Pages                    = {345--348}
}

@InProceedings{buades2005non,
  Title                    = {A non-local algorithm for image denoising},
  Author                   = {Buades, Antoni and Coll, Bartomeu and Morel, J-M},
  Booktitle                = {Computer Vision and Pattern Recognition, 2005. CVPR 2005. IEEE Computer Society Conference on},
  Year                     = {2005},
  Organization             = {IEEE},
  Pages                    = {60--65},
  Volume                   = {2}
}

%%%%%OPTIMIZATIONS
@article{CalderonRamirez2017,
annote = {Resumen: paralelizacion del filtro DNLM usando imagenes integrales y transformada de fourier por Manuel y Osvaldo},
author = {{Calder{\'{o}}n Ram{\'{i}}rez}, Sa{\'{u}}l and Corrales, Manuel Zumbado},
file = {::},
keywords = {optimizacion},
mendeley-tags = {optimizacion},
title = {{DNLM-IIFFT: An Implementation of the Deceived Non Local Means Filter Using Integral Images and the Fast Fourier Transform for a Reduced Computational Cost}},
year = {2017}
}
@article{Condat2010,
author = {Condat, Laurent},
file = {::},
keywords = {Denoising,Index Terms—Non-Local Means,Patches,VIP,leido,optimizacion},
mendeley-tags = {VIP,leido,optimizacion},
title = {{A Simple Trick to Speed Up the Non-Local Means}},
year = {2010}
}
@article{Darbon2008,
author = {Darbon, J{\'{e}}r{\^{o}}me and Cunha, Alexandre and Chan, Tony F and Osher, Stanley and Jensen, Grant J},
file = {::},
keywords = {Index Terms— Nonlocal mean filtering,REVISARopt,SIMD,VIP,electron cryomicroscopy,image denoising,image vectorization,optimizacion,paralelo,parallel image processing},
mendeley-tags = {REVISARopt,VIP,optimizacion,paralelo},
title = {{FAST NONLOCAL FILTERING APPLIED TO ELECTRON CRYOMICROSCOPY}},
year = {2008}
}

@article{Zhu2016,
annote = {Prioridad: ALTA},
author = {Zhu, Huming and Wu, Yanfei and Li, Pei and Wang, Duo and Shi, Wei and Zhang, Peng and Jiao, Licheng},
doi = {10.1016/j.jocs.2016.07.001},
file = {:home/manzumbado/.local/share/data/Mendeley Ltd./Mendeley Desktop/Downloaded/Zhu et al. - 2016 - A parallel Non-Local means denoising algorithm implementation with OpenMP and OpenCL on Intel Xeon Phi Coprocesso(2).pdf:pdf},
journal = {Journal of Computational Science},
keywords = {GPU,MIC,Multicore,Non-Local means denoising,OpenCL,OpenMP,Parallel algorithm,Parallelization,VIP,XeonPhi},
mendeley-groups = {NLM Parallelizations},
mendeley-tags = {GPU,Multicore,OpenCL,OpenMP,Parallelization,VIP,XeonPhi},
title = {{A parallel Non-Local means denoising algorithm implementation with OpenMP and OpenCL on Intel Xeon Phi Coprocessor}},
year = {2016}
}

@article{viola2001robust,
  title={Robust real-time object detection},
  author={Viola, Paul and Jones, Michael},
  journal={International Journal of Computer Vision},
  volume={4},
  number={34--47},
  year={2001}
}